=LDR  01811nam a2200409Ii 4500
=001  004156984
=003  NNU
=005  20160317015612.0
=008  160316m20009999ii\\\\\\\\\\\\000\0\hin\d
=040  \\$aZYU$beng$erda$cZYU
=020  \\$a8126700238
=020  \\$a9788126700233
=035  \\$a(OCoLC)944927194
=043  \\$aa-ii---
=050  \\$aDS480.84$b.P38 2000
=049  \\$aZYUU
=100  1\$6880-01$aPaṭanāyaka, Kiśana,$eauthor.
=245  10$6880-02$aVikalpahīna nahīṃ hai duniyā :$bsabhyatā, samāja aura buddhijīvī kī sthiti para kucha vicāra /$cKiśana Paṭanāyaka.
=246  1\$iTitle on t.p. verso in roman:$aVikalphin nahin hai duniya
=250  \\$6880-03$a1. saṃskaraṇa.
=264  \1$6880-04$aNayī Dillī :$bRājakamala Prakāśana,$c2000-
=300  \\$avolumes (xiii, 283 pages) ;$c23 cm
=336  \\$atext$btxt$2rdacontent
=337  \\$aunmediated$bn$2rdamedia
=338  \\$avolume$bnc$2rdacarrier
=546  \\$aIn Hindi.
=651  \0$aIndia$xPolitics and government$y20th century.
=651  \0$aIndia$xEconomic conditions$y20th century.
=651  \0$aIndia$xHistory$y20th century.
=600  10$aGandhi,$cMahatma,$d1869-1948.
=651  \0$aIndia$xSocial conditions$y20th century.
=852  0\$aNNU$bBOBST$cMAIN$hDS480.84$i.P38 2000$p31142057590013
=880  1\$6100-01$aपटनायक, किशन,$eauthor.
=880  10$6245-02$aविकल्पहीन नहीं है दुनिया :$bसभ्यता, समाज और बुद्धिजीवी की स्थिति पर कुछ विचार​ /$cकिशन पटनायक.
=880  \\$6250-03$a1. संस्करण.
=880  \1$6264-04$aनयी दिल्ली :$bराजकमल प्रकाशन,$c2000-
=994  \\$aC0$bZYU

