=LDR  01494cam a2200349Ii 4500
=001  003920878
=003  NNU
=005  20160317015612.0
=008  111005s2008\\\\tu\a\\\\\b\\\\100\0\tur\d
=040  \\$aNjP$beng$erda$cPUL$dOCLCO$dZYU
=035  \\$a(OCoLC)911346558
=043  \\$aa-tu---
=050  \4$aHC491.5.Z34$bS22 2008
=049  \\$aZYUU
=111  2\$aSabahaddin Zaim Sempozyumu$n(1st :$d2008 :$cİstanbul, Turkey)
=245  10$aSabahaddin Zaim'i Anlama :$bSabahaddin Zaim Sempozyumu I : tebliğler kitabı, 20 Aralık 2008, Bağlarbaşı Kültür Merkezi, Üsküdar.
=264  \1$aSüleymaniye, İstanbul :$bİstanbul İktisatçılar Derneği,$c2008.
=300  \\$a154 pages :$billustrations ;$c30 cm.
=336  \\$atext$btxt$2rdacontent
=337  \\$aunmediated$bn$2rdamedia
=338  \\$avolume$bnc$2rdacarrier
=490  1\$aİstanbul İktisatçılar Derneği yayın ;$vno: 1
=490  1\$aİKDER Prof. Dr. Sabahaddin Zaim Araştırma Merkezi yayın ;$vno: 1
=504  \\$aIncludes bibliographical references.
=600  10$aZaim, Sabahaddin$vCongresses.
=650  \0$aEconomists$zTurkey$vCongresses.
=650  \0$aEconomics$xReligious aspects$xIslam$vCongresses.
=650  \0$aIslam$xEconomic aspects$vCongresses.
=830  \0$aİstanbul İktisatçılar Derneği (Series) ;$vno. 1.
=830  \0$aİKDER Prof. Dr. Sabahaddin Zaim Araştırma Merkezi yayın ;$vno. 1.
=852  0\$aNNU$bBOBST$cMAIN$hHC491.5.Z34$iS22 2008$p31142056305389
=994  \\$aC0$bZYU

