=LDR  01106cam a2200349Ii 4500
=001  003920746
=003  NNU
=005  20160317015612.0
=008  111005s2013\\\\tu\\\\\\\\\\\\000\f\tur\d
=040  \\$aNjP$beng$erda$cPUL$dOCLCO$dZYU
=020  \\$a9789944222945
=020  \\$a9944222941
=035  \\$a(OCoLC)938787618
=043  \\$aa-tu---
=050  \4$aPL248.B4897$bD34 2013
=049  \\$aZYUU
=100  1\$aBiçen, İsmail,$d1973-$eauthor.
=245  10$aDağın ardı /$cİsmail Biçen.
=250  \\$a1. baskı.
=264  \1$aDiyarbakır :$bAram,$c2013.
=300  \\$a112 pages ;$c21 cm
=336  \\$atext$btxt$2rdacontent
=337  \\$aunmediated$bn$2rdamedia
=338  \\$avolume$bnc$2rdacarrier
=500  \\$a"Anı & Roman."
=500  \\$aA novel based on the author's life.
=650  \0$aKurds$zTurkey$y20th century$vFiction.
=650  \0$aEthnic conflict$zTurkey$y20th century$vFiction.
=650  \0$aPolitical violence$zTurkey$y20th century$vFiction.
=655  \7$aAutobiographical fiction.$2lcgft
=852  0\$aNNU$bBOBST$cMAIN$hPL248.B4897$iD34 2013$p31142056288320
=994  \\$aC0$bZYU

