=LDR  01111cam a2200337Ii 4500
=001  003929990
=003  NNU
=005  20160317015612.0
=008  111005s2013\\\\tu\\\\\\\\\\\\000\0\tur\d
=040  \\$aNjP$beng$erda$cPUL$dZYU
=020  \\$a9786054569076
=020  \\$a6054569074
=035  \\$a(OCoLC)936625446
=050  \4$aDR603$b.S583 2013
=049  \\$aZYUU
=100  1\$aSinanoğlu, Oktay,$eauthor.
=245  10$aAdam /$cOktay Sinanoğlu.
=250  \\$a1. basım.
=264  \1$aKadıköy, İstanbul :$bBilim + Gönül,$c2013.
=300  \\$ax, 310 pages ;$c20 cm
=336  \\$atext$btxt$2rdacontent
=337  \\$aunmediated$bn$2rdamedia
=338  \\$avolume$bnc$2rdacarrier
=500  \\$aEssays on Turkey's political and social situations, especially in light of globalization.
=504  \\$aIncludes bibliographic references.
=600  10$aSinanoğlu, Oktay$xPolitical and social views.
=651  \0$aTurkey$xPolitics and government$y1980-
=651  \0$aTurkey$xForeign relations.
=650  \0$aGlobalization.
=852  0\$aNNU$bBOBST$cMAIN$hDR603$i.S583 2013$p31142056310108
=994  \\$aC0$bZYU

