=LDR  01275nam a2200385Ii 4500
=001  004092891
=003  NNU
=005  20160317015612.0
=008  160315s2014\\\\tu\\\\\\\b\\\\000\0\tur\d
=040  \\$aZYU$beng$erda$cZYU
=020  \\$a9789753439077
=020  \\$a9753439075
=035  \\$a(OCoLC)944530514
=043  \\$aa-tu---
=050  \4$aHV6433.T9$bA83 2014
=049  \\$aZYUU
=100  1\$aAtaklı, Can,$eauthor.
=245  10$aTürkiye yanıyor :$bErdoğanʹın terörle dansı /$cCan Ataklı.
=246  30$aErdoğanʹın terörle dansı
=250  \\$a1. basım.
=264  \1$aBeyoğlu, İstanbul :$bKaynak Yayınları,$c2014.
=300  \\$a344 pages ;$c20 cm
=336  \\$atext$btxt$2rdacontent
=337  \\$aunmediated$bn$2rdamedia
=338  \\$avolume$bnc$2rdacarrier
=500  \\$a"Kaynak Yayınları no. 760"--Preliminary page.
=504  \\$aIncludes bibliographical references.
=650  \0$aTerrorism$xGovernment policy$zTurkey.
=610  20$aPartiya Karkerên Kurdistanê.
=650  \0$aTerrorism$zTurkey$y21st century.
=650  \0$aKurds$xPolitical activity$zTurkey$y21st century.
=610  20$aAK Parti (Turkey)
=600  10$aErdoğan, Recep Tayyip.
=852  0\$aNNU$bBOBST$cMAIN$hHV6433.T9$iA83 2014$p31142056618922
=994  \\$aC0$bZYU

