=LDR  01373nam a2200397Ii 4500
=001  004092904
=003  NNU
=005  20160317015612.0
=008  160306s2014\\\\tu\af\\\\\\\\\000\0atur\d
=040  \\$aZYU$beng$erda$cZYU
=020  \\$a9786054878215
=020  \\$a6054878212
=035  \\$a(OCoLC)943975509
=043  \\$aa-tu---
=050  \4$aHV9776.7$b.E74 2014
=049  \\$aZYUU
=100  1\$aErhan, Sebahattin Selim,$d1954-$eauthor.
=245  10$aKaradenizin zemheri çocukları /$cSelim Sebahattin Erhan ; [editör Sezai Sarıoğlu].
=250  \\$a1. baskı.
=264  \1$aKızılay, Ankara :$bDipnot Yayınları,$c2014.
=300  \\$a408 pages, 3 unnumbered pages of plates :$billustrations ;$c20 cm.
=336  \\$atext$btxt$2rdacontent
=337  \\$aunmediated$bn$2rdamedia
=338  \\$avolume$bnc$2rdacarrier
=490  1\$aAnı dizisi ;$v7
=500  \\$a"204"--Page facing title page.
=600  10$aErhan, Sebahattin Selim,$d1954-
=650  \0$aPolitical prisoners$zTurkey$vBiography.
=650  \0$aPrisoners' writings, Turkish.
=650  \0$aPolitical prisoners' writings.
=650  \0$aRadicals$zTurkey.
=650  \0$aStudents$xPolitical activity$zTurkey.
=700  1\$aSarıoğlu, Sezai,$eeditor.
=830  \0$aAnı dizisi (Dipnot Yayınları (Firm)) ;$v7.
=852  0\$aNNU$bBOBST$cMAIN$hHV9776.7$i.E74 2014$p31142056619045
=994  \\$aC0$bZYU

