=LDR  00921cam a2200301 i 4500
=001  003920880
=003  NNU
=005  20160317015612.0
=008  111005s2013\\\\tu\\\\\\\\\\\\000\0\tur\c
=040  \\$aNjP$beng$erda$cPUL$dOCLCO$dZYU
=020  \\$a9786054777242
=020  \\$a6054777246
=035  \\$a(OCoLC)936637467
=042  \\$apcc
=043  \\$aa-tu---
=050  \4$aDR603$b.S23 2013
=049  \\$aZYUU
=100  1\$aSağlar, D. Fikri,$eauthor.
=245  10$aİçerden :$bAKP politikaları ve "sıkışan" Türkiye /$cFikri Sağlar.
=264  \1$aAtaşehir, İstanbul :$bSiyah Beyaz Kitap,$c2013.
=300  \\$a488 pages ;$c21 cm
=336  \\$atext$btxt$2rdacontent
=337  \\$aunmediated$bn$2rdamedia
=338  \\$avolume$bnc$2rdacarrier
=610  20$aAK Parti (Turkey)
=651  \0$aTurkey$xPolitics and government$y1980-
=852  0\$aNNU$bBOBST$cMAIN$hDR603$i.S23 2013$p31142056304382
=994  \\$aC0$bZYU

