=LDR  02493cam a2200505 i 4500
=001  004027680
=003  NNU
=005  20160317015612.0
=008  151015s2012\\\\tu\a\\\\\b\\\\110\0\tur\d
=010  \\$a  2015354505
=040  \\$aEYM$beng$erda$cEYM$dDLC$dOCLCO$dOCLCF$dOCLCO$dZYU
=035  \\$a(OCoLC)934795480
=041  0\$atur$aaze$beng
=042  \\$alccopycat$alcode
=043  \\$aa-tu---
=050  00$aTT848$b.U48 2012
=049  \\$aZYUU
=111  2\$aUluslararası Türk El Dokumaları (Tekstil) Kongresi ve Gelenkli Sanatlar Kongresi/Sanat Etkinlikleri$n(4th :$d2012 :$cBaku, Azerbaijan)
=245  10$aIV. Uluslararası Türk El Dokumaları (Tekstil) ve Gelenekli Sanatlar Kongresi/Sanat Etkinlikleri =$bIV. International Turkish Textile (Hand Wovens) and Traditional Arts Congress/Art Activitycongress : 02-05. 10. 2012 - Bakü /$ceditör, Ahmet Aytaç.
=246  3\$a4. Uluslararası Türk El Dokumaları (Tekstil) ve Gelenekli Sanatlar Kongresi/Sanat Etkinlikleri
=246  31$aIV. International Turkish Textile (Hand Wovens) and Traditional Arts Congress/Art Activitycongress
=246  3\$a4th International Turkish Textile (Hand Wovens) and Traditional Arts Congress/Art Activitycongress
=264  \1$aKonya :$bSelçuklu Üniversitesi, Türk El Sanatları Araştırma ve Uygulama Merkezi,$c2012.
=300  \\$axx, 404 pages :$billustrations (some color) ;$c24 cm
=336  \\$atext$btxt$2rdacontent
=337  \\$aunmediated$bn$2rdamedia
=338  \\$avolume$bnc$2rdacarrier
=500  \\$aKonya Selçuklu Halıları anısına "Letif Kerimov ve Oğuz Sakarya armağanı"--Title page.
=546  \\$aIn Turkish and Azerbaijani (Latin) ; abstracts in English.
=504  \\$aIncludes bibliographical references.
=650  \0$aHand weaving$zTurkey$vCongresses.
=650  \0$aTextile fabrics$zTurkey$vCongresses.
=650  \0$aCarpets$zTurkey$vCongresses.
=650  \0$aRugs$zTurkey$vCongresses.
=650  \7$aCarpets.$2fast$0(OCoLC)fst00847868
=650  \7$aHand weaving.$2fast$0(OCoLC)fst00950888
=650  \7$aRugs.$2fast$0(OCoLC)fst01101147
=650  \7$aTextile fabrics.$2fast$0(OCoLC)fst01148636
=651  \7$aTurkey.$2fast$0(OCoLC)fst01208963
=655  \7$aConference papers and proceedings.$2fast$0(OCoLC)fst01423772
=700  1\$aAytaç, Ahmet,$eeditor.
=710  2\$aSelçuk Üniversitesi.
=710  2\$aMilli Azärbaycan Tarixi Muzeyi,$esponsor.
=852  0\$aNNU$bBOBST$cMAIN$hTT848$i.U48 2012$p31142057810254
=994  \\$aC0$bZYU

