=LDR  01059cam a2200325Ii 4500
=001  004092906
=003  NNU
=005  20160317015612.0
=008  160306s2014\\\\tu\a\\\\\b\\\\000\0\tur\d
=040  \\$aZYU$beng$erda$cZYU$dZYU
=020  \\$a9786056444111
=020  \\$a6056444112
=035  \\$a(OCoLC)943982544
=043  \\$aa-tu---
=050  \4$aDR435.K87$bS27 2014
=049  \\$aZYUU
=100  1\$aSarızeybek, Erdal,$eauthor.
=245  10$aBüyük suikast :$b"Kürt gerçeğinde bilmediklerimiz" /$cErdal Sarızeybek.
=250  \\$a1. baskı.
=264  \1$aErenköy, İstanbul :$bSarızeybek Yayınları,$c2014.
=300  \\$a471 pages :$billustrations ;$c23 cm.
=336  \\$atext$btxt$2rdacontent
=337  \\$aunmediated$bn$2rdamedia
=338  \\$avolume$bnc$2rdacarrier
=500  \\$a"2"--Title page verso.
=504  \\$aIncludes bibliographical references (pages 467-471).
=650  \0$aKurds$zTurkey.
=651  \0$aTurkey$xPolitics and government$y1980-
=852  0\$aNNU$bBOBST$cMAIN$hDR435.K87$iS27 2014$p31142056619060
=994  \\$aC0$bZYU

