=LDR  00966cam a2200313Ii 4500
=001  003929994
=003  NNU
=005  20160317015612.0
=008  111005s2013\\\\tu\\\\\\\\\\\\000\0\tur\d
=040  \\$aNjP$beng$erda$cPUL$dOCLCO$dZYU
=020  \\$a9789753298551
=020  \\$a9753298552
=035  \\$a(OCoLC)936625447
=043  \\$aa-tu---
=050  \4$aDR432$b.S89 2013
=049  \\$aZYUU
=100  1\$aŞüyün, Faruk,$einterviewer.
=245  10$a101 ustadan hayatın "şey"leri /$cFaruk Şüyün.
=246  3\$aYüz bir ustadan ustadan hayatın "şey"leri
=250  \\$aBirinci baskı.
=264  \1$aBeyoğlu, İstanbul :$bOğlak,$c2013.
=300  \\$a214 pages ;$c22 cm
=336  \\$atext$btxt$2rdacontent
=337  \\$aunmediated$bn$2rdamedia
=338  \\$avolume$bnc$2rdacarrier
=650  \0$aIntellectuals$zTurkey$vInterviews.
=651  \0$aTurkey$xCivilization.
=852  0\$aNNU$bBOBST$cMAIN$hDR432$i.S89 2013$p31142055777760
=994  \\$aC0$bZYU

