=LDR  01066nam a2200337Ii 4500
=001  004211482
=003  NNU
=005  20160317015612.0
=008  160315s2015\\\\tu\\\\\\\\\\\\000\f\tur\\
=040  \\$aZYU$beng$erda$cZYU
=020  \\$a9789944330176
=020  \\$a9944330175
=035  \\$a(OCoLC)944530454
=043  \\$aa-tu---
=050  \4$aPL248.S2827$bY37 2015
=049  \\$aZYUU
=100  1\$aSağlam, Hasan,$eauthor.
=245  10$aYasak mıntıkanın çocukları /$cHasan Sağlam.
=250  \\$a1. baskı.
=264  \1$aCağaloğlu, İstanbul :$bTotem,$c2015.
=300  \\$a211 pages ;$c21 cm
=336  \\$atext$btxt$2rdacontent
=337  \\$aunmediated$bn$2rdamedia
=338  \\$avolume$bnc$2rdacarrier
=500  \\$a"Tertele-i dersim"--Cover.
=650  \0$aDersim Revolt, Tunceli İli, Turkey, 1937-1938$vFiction.
=651  \0$aTunceli İli (Turkey)$xHistory$y20th century$vFiction.
=650  \0$aDeaf children$zTurkey$vFiction.
=655  \7$aNovels.$2lcgft
=852  0\$aNNU$bBOBST$cMAIN$hPL248.S2827$iY37 2015$p31142059879455
=994  \\$aC0$bZYU

