=LDR  01277cam a2200385Ii 4500
=001  003965386
=003  NNU
=005  20160317015612.0
=008  111005s2014\\\\tu\a\\\\\b\\\\000\0\tur\d
=040  \\$aNjP$beng$erda$cPUL$dOCLCO$dZYU
=020  \\$a9786058618503
=020  \\$a6058618509
=035  \\$a(OCoLC)938787960
=043  \\$aa-tu---
=050  \4$aDR603$b.G49 2014
=050  \4$aBP173.7$b.G49 2014
=049  \\$aZYUU
=100  1\$aGezici, Aytekin,$d1974-$eauthor.
=245  10$aCemaat fobia :$bdünyada İslamofobia, Türkiye'de Cemaatfobia /$cAytekin Gezici.
=246  30$aDünyada İslamofobia, Türkiye'de Cemaatfobia
=250  \\$a1. basım.
=264  \1$aÜsküdar, İstanbul :$bKlas,$c2014.
=300  \\$a246 pages :$billustrations ;$c21 cm.
=336  \\$atext$btxt$2rdacontent
=337  \\$aunmediated$bn$2rdamedia
=338  \\$avolume$bnc$2rdacarrier
=490  0\$aKlas Kitap ;$v1.$aPolitika ;$v1
=504  \\$aIncludes bibliographical references.
=650  \0$aIslam and politics$zTurkey.
=651  \0$aTurkey$xPolitics and government$y1980-
=600  10$aErdoğan, Recep Tayyip.
=600  10$aGülen, Fethullah.
=650  \0$aPress and politics$zTurkey.
=852  0\$aNNU$bBOBST$cMAIN$hDR603$i.G49 2014$p31142056368486
=994  \\$aC0$bZYU

