=LDR  01574cam a2200433Ii 4500
=001  004051426
=003  NNU
=005  20160317015612.0
=008  111005s2014\\\\tu\a\\\\\b\\\\001\0\tur\d
=040  \\$aNjP$beng$erda$cPUL$dOCLCO$dOCLCF$dZYU
=020  \\$a9786053240679
=020  \\$a6053240672
=035  \\$a(OCoLC)933781172
=043  \\$aa-tu---
=050  \4$aGR281.B34$bD87 2014
=049  \\$aZYUU
=100  1\$aDurmaz, Uğur,$eauthor.
=245  10$aBalıkesir köy seyirlik oyunları üzerine bir inceleme /$cUğur Duymaz.
=250  \\$aBirinci basım.
=264  \1$aAnkara :$bGece Kitaplığı,$c2014.
=300  \\$a132 pages ;$c20 cm.
=336  \\$atext$2rdacontent
=337  \\$aunmediated$2rdamedia
=338  \\$avolume$2rdacarrier
=490  0\$aGece Kitaplığı ;$v138.$aAraştırma ;$v62
=504  \\$aIncludes bibliographical references (pages 125-130) and index.
=650  \0$aFolk drama, Turkish$zTurkey$zBalıkesir.
=650  \0$aFolklore$zTurkey$zBalıkesir.
=650  \0$aAmusements$zTurkey$zBalıkesir.
=650  \0$aFestivals$zTurkey$zBalıkesir.
=651  \0$aBalıkesir (Turkey)$xSocial life and customs.
=650  \7$aAmusements.$2fast$0(OCoLC)fst00808105
=650  \7$aFestivals.$2fast$0(OCoLC)fst00923329
=650  \7$aFolk drama, Turkish.$2fast$0(OCoLC)fst01737508
=650  \7$aFolklore.$2fast$0(OCoLC)fst00930306
=650  \7$aManners and customs.$2fast$0(OCoLC)fst01007815
=651  \7$aTurkey$zBalıkesir.$2fast$0(OCoLC)fst01251276
=852  0\$aNNU$bBOBST$cMAIN$hGR281.B34$iD87 2014$p31142056212270
=994  \\$aC0$bZYU

