=LDR  01616nam a2200433Ii 4500
=001  003833442
=003  NNU
=005  20160317015612.0
=008  160316s2013\\\\tu\af\\\\b\\\\000\0dtur\d
=040  \\$aZYU$beng$erda$cZYU
=020  \\$a9786055125141
=020  \\$a6055125145
=035  \\$a(OCoLC)944927406
=041  0\$atur$aota
=043  \\$aa-tu---
=050  \4$aDR592.A542$bS56 2013
=049  \\$aZYUU
=100  1\$aSılay, Mehmet,$d1947-
=245  10$aBabaeski Müftüsü Ali Rıza Efendi :$bbir hukuk cinayeti /$cMehmet Sılay.
=250  \\$a1. baskı.
=260  \\$aTopkapı, İstanbul :$bDüşün Yayıncılık,$c2013.
=300  \\$a204 pages, 29 unnumbered pages :$billustrations, facsimiles ;$c21 cm.
=336  \\$atext$btxt$2rdacontent
=337  \\$aunmediated$bn$2rdamedia
=338  \\$avolume$bnc$2rdacarrier
=490  1\$aYayın ;$vno. 259
=500  \\$a"Yayın no. 259"--Preliminary page.
=546  \\$aText in Turkish with some facsimiles in Ottoman Turkish.
=504  \\$aIncludes bibliographical references (pages [27-28], second group).
=600  00$aAli Rıza Efendi,$d1872-1926.
=600  00$aAli Rıza Efendi,$d1872-1926$xTrials, litigation, etc.
=650  \0$aMuslim scholars$zTurkey.
=650  \0$aTrials (Political crimes and offenses)$zTurkey.
=650  \0$aTrials (Political crimes and offenses)$zTurkey$vSources.
=651  \0$aTurkey$xPolitics and government$y1918-1960.
=650  \0$aIslam and politics$zTurkey.
=830  \0$aYayın (Düşün Yayıncılık) ;$vno. 159.
=852  0\$aNNU$bBOBST$cMAIN$hDR592.A542$iS56 2013$p31142052932970
=994  \\$aC0$bZYU

