=LDR  01115nam a2200337Ii 4500
=001  004211476
=003  NNU
=005  20160317015612.0
=008  160316s2015\\\\tu\a\\\\\b\\\\000\0\tur\d
=040  \\$aZYU$beng$erda$cZYU
=020  \\$a9786054907625
=020  \\$a605490762X
=035  \\$a(OCoLC)944927395
=050  \4$aPN1979.S5$bC36 2015
=049  \\$aZYUU
=245  00$aCanlı Karagöz :$bgeçmişi, sanatı, tekniği ve metin örnekleri /$chazırlayan, Ünver Oral.
=250  \\$a1. baskı.
=264  \1$aCağaloğlu, İstanbul :$bKitabevi,$c2015.
=300  \\$a471 pages, 3 unnumbered pages :$billustrations ;$c21 cm
=336  \\$atext$2rdacontent
=337  \\$aunmediated$2rdamedia
=338  \\$avolume$2rdacarrier
=500  \\$a"608"--Preliminary page.
=504  \\$aIncludes bibliographical references (pages [2-3], second group).
=630  00$aKaragöz.
=650  \0$aShadow shows$zTurkey.
=650  \0$aPuppet plays, Turkish.
=650  \0$aTheater$zTurkey$xHistory.
=700  1\$aOral, Ünver,$eeditor.
=852  0\$aNNU$bBOBST$cMAIN$hPN1979.S5$iC36 2015$p31142060736181
=994  \\$aC0$bZYU

