=LDR  01087cam a2200325Ia 4500
=001  004211442
=003  NNU
=005  20160317015612.0
=008  160229s2015\\\\tu\\\\\\\b\\\\001\0\tur\d
=040  \\$aTVG$beng$cTVG$dOCLCO$dZYU
=020  \\$z9756779811
=035  \\$a(OCoLC)941760747
=050  \4$aBP134.P4$bO97 2015
=049  \\$aZYUU
=100  1\$aÖztürk, Yaşar Nuri.
=245  10$aSaltanat dinciliğinin öncüsü Firavun :$b(çağdaş Firavunları tanıma kılavuzu) /$cYaşar Nuri Öztürk.
=250  \\$a1. baskı.
=260  \\$aAtaşehir, İstanbul :$bYeni Boyut,$c2015.
=300  \\$a224 p . ;$c22 cm.
=490  1\$aYeni Boyut$v64.
=504  \\$aIncludes ibliographic references and index.
=650  \0$aPharaohs.
=630  00$aQurʼan$xCriticism, interpretation, etc.
=650  \0$aKings and rulers$xReligious aspects$xIslam.
=650  04$aDin$xİslam.
=650  04$aKur'an ı Kerim$xTefsirler.
=650  04$aKur'an ı Kerim$xFiravunlar.
=830  \0$aYeni Boyut ;$v64.
=852  0\$aNNU$bBOBST$cMAIN$hBP134.P4$iO97 2015$p31142059879380
=994  \\$aC0$bZYU

