=LDR  01358nam a2200361Ii 4500
=001  004102849
=003  NNU
=005  20160317015612.0
=008  160315s2014\\\\tu\\\\\\\d\\\\000\0\tur\d
=040  \\$aZYU$beng$erda$cZYU
=020  \\$a9786059907019
=020  \\$a6059907016
=035  \\$a(OCoLC)944530612
=043  \\$aa-tu---
=050  \4$aPL198.K245$bO98 2014
=049  \\$aZYUU
=100  1\$aÖzturan, Ali,$d1947-
=245  10$aMaraş :$bmerkez ağzında kullanılan deyimler /$cHacı Ali Özturan.
=264  \1$aKahramanmaraş [Turkey] :$bNoya Medya,$c2014.
=300  \\$a272 pages ;$c24 cm.
=336  \\$atext$btxt$2rdacontent
=337  \\$aunmediated$bn$2rdamedia
=338  \\$avolume$bnc$2rdacarrier
=490  1\$aMaraş kültürü edebiyat serisi ;$v13
=490  1\$aNoya Medya Kitaplığı ;$vno: 13
=520  \\$aA dictionary of the expressions used in the dialect spoken in Kahramanmaraş with corresponding standard Turkish.
=650  \0$aTurkish language$xDialects$zTurkey$zKahramanmaraş$vDictionaries.
=650  \0$aProverbs, Turkish$zTurkey$zKahramanmaraş$vDictionaries.
=651  \0$aKahramanmaraş (Turkey)$xLanguages.
=830  \0$aMaraş kültürü edebiyat serisi ;$v13.
=830  \0$aNoya Medya Kitaplığı ;$vno: 13.
=852  0\$aNNU$bBOBST$cMAIN$hPL198.K245$iO98 2014$p31142056544169
=994  \\$aC0$bZYU

