=LDR  01690cam a2200445Ii 4500
=001  004092880
=003  NNU
=005  20160317015612.0
=008  150928s2014\\\\tr\ac\\\\b\\\\001\0btur\d
=040  \\$aUIU$beng$erda$cUIU$dUIU$dOCLCF$dOCLCA$dZYU
=020  \\$a9786055262624
=020  \\$a6055262622
=035  \\$a(OCoLC)922382125
=041  \\$atur$hgeo
=050  \4$aPL21$b.S47185 2014
=049  \\$aZYUU
=130  0\$aSergi Jikʻia.$lTurkish
=245  00$aGürcü Türkolojisinin kurucusu :$bSergi Cikia : biyo-bibliyografya /$cderleyen, İa Duduçava ; çeviren, İlyas Üstünyer.
=246  30$aSergi Cikia
=264  \1$aKonya :$bPalet Yayınları,$c2014.
=300  \\$a131 pages :$billustrations, portraits ;$c24 cm
=336  \\$atext$btxt$2rdacontent
=337  \\$aunmediated$bn$2rdamedia
=338  \\$avolume$bnc$2rdacarrier
=504  \\$aIncludes bibliographical references and index.
=546  \\$aTranslated from Georgian.
=600  10$aJikʻia, Sergi$vBibliography.
=650  \0$aTurkic philology$vBio-bibliography.
=650  \0$aPhilologists$zGeorgia (Republic)$vBiography.
=600  17$aJikʻia, Sergi.$2fast$0(OCoLC)fst00365521
=650  \7$aPhilologists.$2fast$0(OCoLC)fst01060688
=650  \7$aTurkic philology.$2fast$0(OCoLC)fst01159391
=651  \7$aGeorgia (Republic)$2fast$0(OCoLC)fst01221658
=655  \7$aBibliography.$2fast$0(OCoLC)fst01423717
=655  \7$aBio-bibliography.$2fast$0(OCoLC)fst01423685
=655  \7$aBiography.$2fast$0(OCoLC)fst01423686
=700  1\$aDudučʻava, I.,$eeditor.
=700  1\$aÜstünyer, İlyas,$d1973-$etranslator.
=852  0\$aNNU$bBOBST$cMAIN$hPL21$i.S47185 2014$p31142056618849
=994  \\$aC0$bZYU

