=LDR  01955nam a2200469Ii 4500
=001  004102833
=003  NNU
=005  20160317015612.0
=008  160315s2014\\\\tu\a\\\\\b\\\\000\0\tur\d
=040  \\$aZYU$beng$erda$cZYU
=020  \\$a9789750617546
=020  \\$a9750617541
=035  \\$a(OCoLC)944530577
=043  \\$aa-tu---
=050  \4$aLC5808.T9$bA35 2014
=049  \\$aZYUU
=245  00$aAçıköğretimle 30 yıl /$ceditörler, Ali Ekrem Özkul, Cengiz Hakan Aydın, Elif Toprak, Evrim Genç Kumtepe.
=246  3\$aAçıköğretimle otuz yıl
=264  \1$aEskişehir [Turkey] :$bAnadolu Üniversitesi Yayınları,$c2014.
=300  \\$axiii, 244 pages :$billustrations ;$c24 cm.
=336  \\$atext$btxt$2rdacontent
=337  \\$aunmediated$bn$2rdamedia
=338  \\$avolume$bnc$2rdacarrier
=490  1\$aAnadolu Üniversitesi Yayınları$vNo: 3116.$aAçıköğretim Fakültesi Yayınları$vNo: 2028
=504  \\$aIncludes bibliographical references.
=650  \0$aDistance education$zTurkey$xComputer-assisted instruction.
=650  \0$aEducation, Higher$zTurkey$xComputer-assisted instruction.
=650  \0$aInternet in higher education$zTurkey.
=650  \0$aOpen plan schools$zTurkey.
=650  \0$aOpen plan schools$zTurkey$zEskişehir.
=650  \0$aDistance education$zTurkey$zEskişehir$xHistory.
=650  \0$aDistance education$zTurkey$xHistory.
=610  20$aAnadolu Üniversitesi$xCurricula.
=650  \0$aUniversities and colleges$zTurkey$zEskişehir.
=700  1\$aÖzkul, Ali Ekrem,$eeditor.
=700  1\$aAydın, Cengiz Hakan,$eeditor.
=700  1\$aToprak, Elif,$eeditor.
=700  1\$aGenç Kumtepe, Evrim,$eeditor.
=830  \0$aT.C. Anadolu Üniversitesi yayınları ;$vNo: 3116.
=830  \0$aT.C. Anadolu Üniversitesi yayınları.$pAçıköğretim Fakültesi yayınları ;$vNo: 2028.
=852  0\$aNNU$bBOBST$cMAIN$hLC5808.T9$iA35 2014$p31142056544003
=994  \\$aC0$bZYU

