=LDR  01370cam a2200361Ii 4500
=001  003731448
=003  NNU
=005  20160317015612.0
=008  130318s2012\\\\tu\\\\\\\b\\\\000\0\tur\d
=040  \\$aNNU$beng$erda$cN15$dOCLCQ$dZYU
=020  \\$a9789944798204
=020  \\$a9944798207
=035  \\$a(OCoLC)832766182
=041  1\$atur$hota
=050  \4$aBP166.3$b.B49 2012
=049  \\$aZYUU
=100  0\$aMehmet Seyyid,$d-1924,$eauthor.
=240  10$6880-01$aUsûl-i fıkıh dersleri irâde każa ve ḳader.$lTurkish
=245  10$aUsul-i Fikih Derslerinde Irâde Kazâ ve Kader /$cMuhammed Seyyid Bey ; hazırlayan Nizamettin Saltan.
=250  \\$a1. baskı.
=264  \1$aİstanbul :$bMoralite Yayınları Denktaş Dağıtım,$c2012.
=300  \\$a344 pages ;$c21 cm
=336  \\$atext$btxt$2rdacontent
=337  \\$aunmediated$bn$2rdamedia
=338  \\$avolume$bnc$2rdacarrier
=504  \\$aIncludes bibliographical references.
=650  \0$aPredestination (Islam)$vEarly works to 1800.
=650  \0$aFate and fatalism$xReligious aspects$xIslam$vEarly works to 1800.
=650  \0$aIslamic law$xInterpretation and construction.
=700  1\$aSaltan, Nizamettin,$eeditor.
=852  0\$aNNU$bBOBST$cMAIN$hBP166.3$i.B49 2012$p31142053116227
=880  10$6240-01/r$aاصول فقه درسلرى اراده، قضا و قدر.$lTurkish
=994  \\$aC0$bZYU

